% Encoding: UTF-8
% This file was created with JabRef 2.5.
% Encoding: ISO8859_1



@book{Niparko2009,
   title =     {Cochlear Implants: Principles and Practices},
   author =    {Niparko, J.K.},
   publisher = {LWW},
   isbn =      {9780781777490},
   year =      {2009},
   series =    {},
   edition =   {Second},
   volume =    {},
   url =       {}
}

@book{fastl2007psychoacoustics,
  title={Psychoacoustics: Facts and Models},
  author={Fastl, H. and Zwicker, E.},
  isbn={9783540688884},
  lccn={2006934622},
  series={Springer series in information sciences},
  year={2007},
  publisher={Springer Berlin Heidelberg}
}


@book{zwislocki2009sensory,
  title={Sensory Neuroscience: Four Laws of Psychophysics},
  author={Zwislocki, J.J.},
  isbn={9780387848495},
  lccn={2008940434},
  series={Biomedical and Life Sciences},
  year={2009},
  publisher={Springer US}
}


@book{pulkki2015communication,
  title={Communication Acoustics: An Introduction to Speech, Audio and Psychoacoustics},
  author={Pulkki, V. and Karjalainen, M.},
  isbn={9781118866559},
  lccn={2014031878},
  url={https://books.google.co.uk/books?id=r\_TqCAAAQBAJ},
  year={2015},
  publisher={Wiley}
}

@article{King2017,
author = {King,Andrew  and Hopkins,Kathryn  and Plack,Christopher J.  and Pontoppidan,Niels Henrik  and Bramsløw,Lars  and Hietkamp,Renskje K.  and Vatti,Marianna  and Hafez,Atefeh },
title = {The effect of tone-vocoding on spatial release from masking for old, hearing-impaired listeners},
journal = {The Journal of the Acoustical Society of America},
volume = {141},
number = {4},
pages = {2591-2603},
year = {2017},
doi = {10.1121/1.4979593},
}


@article{Guastavino2004,
author = {Guastavino,Catherine  and Katz,Brian F. G. },
title = {Perceptual evaluation of multi-dimensional spatial audio reproduction},
journal = {The Journal of the Acoustical Society of America},
volume = {116},
number = {2},
pages = {1105-1115},
year = {2004},
doi = {10.1121/1.1763973},
}


@Article{McGill1968,
author="McGill, W. J.
and Goldberg, J. P.",
title="A study of the near-miss involving Weber's law and pure-tone intensity discrimination",
journal="Perception {\&} Psychophysics",
year="1968",
month="Mar",
day="01",
volume="4",
number="2",
pages="105--109",
abstract="A study of pure-tone intensity discrimination is presented in which amplitude changes are detected in 1000 Hz tone bursts 15--20 msec in duration. The masking function (log detectable increment vs log background intensity) is found to have a slope of 9/10 when calculations are carried out via energy measurements. This near-miss to Weber's law is in agreement with other data reported in the literature. The masking slope proves to be essentially independent of stimulus duration between 15 msec and 1.5 sec. Our stable slope parameter is interpreted as a detectability restriction generated by ``mass-flow'' phenomena in the auditory channel. These phenomena are thought to be similar to the fluctuations accompanying a noisy or turbulent stream of events. Pure-tone intensity discrimination is then analyzed as a special case of energy detection.",
issn="1532-5962",
doi="10.3758/BF03209518",
url="https://doi.org/10.3758/BF03209518"
}


@article{Atmoko2008,
  author={H Atmoko and D C Tan and G Y Tian and Bruno Fazenda},
  title={Accurate sound source localization in a reverberant environment using multiple acoustic sensors},
  journal={Measurement Science and Technology},
  volume={19},
  number={2},
  pages={024003},
  year={2008},
}
	
@MASTERSTHESIS{Melo2015,
AUTHOR ={Rafaela do Couto Melo},
TITLE ={HINT: um estudo sobre os critérios de julgamento no Brasil},
SCHOOL ={Universidade Federal de Pernambuco},
YEAR ={2015},
type ={Mestrado em Saúde da
Comunicação Humana},
}

@TechReport{jcgm_2008,
  author = 	 {{Joint Committee for Guides in Metrology}},
  title = 	 {{JCGM} 100  \textit{Evaluation of Measurement {D}ata {G}uide to the {E}xpression of {U}ncertainty in {M}easurement}},
  institution =  {JCGM},
  year = 	 {2008},
}

@article{MONDELLI2016,
   title = {Speech perception in noise in unilateral hearing loss},
   journal = {{Brazilian Journal of Otorhinolaryngology}},
   author={Mondelli, Maria Fernanda Capoani Garcia AND Santos, Marina de Marchi dos AND José, Maria Renata},
   ISSN = {1808-8694},
   language = {en},
   volume = {82},
   year = {2016},
   month = {08},
   pages = {427 - 432},
   publisher = {scielo},
   }

@book{braga2016fundamentos,
  title={Fundamentos de Som e Acústica},
  author={Braga, N.C.},
  isbn={9788565050968},
  series={Curso de Eletrônica},
  year={2016},
  publisher={Editora NCB}
}


@book{kleiner2011acoustics,
  title={Acoustics and Audio Technology},
  author={Kleiner, M.},
  isbn={9781604270525},
  lccn={2011002859},
  series={Information and Communication},
  year={2011},
  publisher={J Ross}
}


@book{atcherson2015hearing,
  title={Hearing Assistive and Access Technology},
  author={Samuel R. Atcherson and Clifford A. Franklin and Laura Smith-Olinde},
  isbn={9781597567879},
  series={EBL-Schweitzer},
  year={2015},
  publisher={Plural Publishing}
}

@book{cook2014assistive,
  title={Assistive Technologies Principles and Practice},
  author={Albert M. Cook and Janice Miller Polgar},
  isbn={9780323291019},
  url={https://books.google.com.br/books?id=ODWaBQAAQBAJ},
  year={2014},
  publisher={Elsevier Health Sciences}
}


@book{clark2003cochlear,
  title={Cochlear Implants Fundamentals and Applications},
  author={Graeme Clark},
  isbn={9780387955834},
  lccn={2002030584},
  series={Modern Acoustics and Signal Processing},
  year={2003},
  publisher={Springer}
}

@book{hersh2006assistive,
  title={Assistive Technology for the Hearing-impaired, Deaf and Deafblind},
  author={Hersh, M.A. and Andersson, C. and Johnson, M.A. and Campbell, D. and Farquharson, A. and Furner, S. and Gill, J. and Jackson, A. and Lucker, J. and Nolde, K. and others},
  isbn={9781852338558},
  lccn={2002044538},
  url={https://books.google.com.br/books?id=mjgBCAAAQBAJ},
  year={2006},
  publisher={Springer London}
}


@book{gibbon1997handbook,
  title={Handbook of Standards and Resources for Spoken Language Systems},
  author={Gibbon, D. and Moore, R. and Winski, R.},
  isbn={9783110153668},
  lccn={97022921},
  url={https://books.google.com.br/books?id=0ElXJGBO79YC},
  year={1997},
  publisher={Mouton de Gruyter}
}

@article{Farina2004,
    author = {Farina, Angelo and Martignon, Paolo and Azzali, A. and Capra, Andrea},
    citeulike-article-id = {9579390},
    citeulike-linkout-0 = {http://160.78.24.2/Public/Papers/198-Acmus2004.pdf},
    journal = {I seminario M\'{u}sica Ci\^{e}nca e Tecnologia" Ac\'{u}stica Musical", S\~{a}o Paolo do Brasil},
    number = {November},
    pages = {3--5},
    posted-at = {2011-07-26 06:06:52},
    priority = {3},
    title = {{Listening Tests Performed Inside a Virtual Room Acoustic Simulator}},
    year = {2004}
}

@misc{notasStephanPsico,
  Author = {Stephan Paul},
  Title = {Disciplina de Acústica Ambiental – {EAC} 1019 - {E}nsaios subjetivos},
	Institution = {Universidade Federal de Santa Maria},
  Howpublished = {Notas de aula - {E}ngenharia Acústica},
  Year = {2014}  
  } 

@book{lion2017,
title = {Human and Machine Hearing Extracting Meaning from Sound},
author  = {Richard F. Lyon},
year  = 2017,
series={a},
  publisher={Cambridge University Press}
}


@book{Strumi2011,
  title={Advances in Sound Localization},
  author={Pawell Strumi{\l}{\l}o},
  isbn={9789533072241},
   year={2011},
   series={a},
  publisher={InTech}
}

@book{siegel1975estatistica,
  title={Estat{\'\i}stica n{\~a}o-Param{\'e}trica Para Ci{\^e}ncias do Comportamento: },
  author={Siegel, S. and Castellan, N.J.},
  isbn={9788536313580},
  url={https://books.google.com.br/books?id=eHejDgAAQBAJ},
  year={1975},
  series={a},
  publisher={McGraw-Hill}
}


@article{KerSee12,
	author = "Kerber, S. and Seeber, B.U.",
	title = "Sound localization in noise by normal-hearing listeners and cochlear implant users",
	journal = "Ear and Hearing",
	year = "2012",
	volume = "33",
	number = "4",
	pages = "445-457",
	doi = "10.1097/AUD.0b013e318257607b",
}


@article{GrimmActaAcustica15,
  author    = {Giso Grimm and
               Stephan Dieter Ewert and
               Volker Hohmann},
  title     = {Evaluation of spatial audio reproduction schemes for application in hearing aid research},
  journal   = {CoRR},
  volume    = {abs/1503.00586},
  year      = {2015},
  url       = {http://arxiv.org/abs/1503.00586},
  timestamp = {Thu, 09 Apr 2015 11:33:20 +0200},
  biburl    = {http://dblp.uni-trier.de/rec/bib/journals/corr/GrimmEH15},
  bibsource = {dblp computer science bibliography, http://dblp.org}
}

@book{vorlander2007auralization,
  title={Auralization: Fundamentals of Acoustics, Modelling, Simulation, Algorithms and Acoustic Virtual Reality},
  author={Vorl{\"a}nder, M.},
  isbn={9783540488309},
  lccn={2007932291},
  series={RWTHedition},
  url={https://books.google.com.br/books?id=CuXF3JkTuhAC},
  year={2007},
  publisher={Springer Berlin Heidelberg}
}


@book{j2014auditory,
author = {Moore, Brian C J},
title = {Auditory Processing of Temporal Fine Structure},
publisher = {WORLD SCIENTIFIC},
year = {2014},
doi = {10.1142/9064},
address = {},
edition   = {},
URL = {https://www.worldscientific.com/doi/abs/10.1142/9064},
eprint = {https://www.worldscientific.com/doi/pdf/10.1142/9064}
}

@article{RUGGLES20121417,
title = "Why Middle-Aged Listeners Have Trouble Hearing in Everyday Settings",
journal = "Current Biology",
volume = "22",
number = "15",
pages = "1417 - 1422",
year = "2012",
issn = "0960-9822",
doi = "https://doi.org/10.1016/j.cub.2012.05.025",
url = "http://www.sciencedirect.com/science/article/pii/S0960982212005787",
author = "Dorea Ruggles and Hari Bharadwaj and Barbara G. Shinn-Cunningham"
}


@article{Wightman2010,
author = {Wightman,Frederic L.  and Kistler,Doris J.  and O’Bryan,Amanda },
title = {Individual differences and age effects in a dichotic informational masking paradigm},
journal = {The Journal of the Acoustical Society of America},
volume = {128},
number = {1},
pages = {270-279},
year = {2010},
doi = {10.1121/1.3436536},

URL = { 
        https://doi.org/10.1121/1.3436536
    
},
eprint = { 
        https://doi.org/10.1121/1.3436536
    
}

}





@article{Strouse1998,
author = {Strouse,Anne  and Ashmead,Daniel H.  and Ohde,Ralph N.  and Grantham,D. Wesley },
title = {Temporal processing in the aging auditory system},
journal = {The Journal of the Acoustical Society of America},
volume = {104},
number = {4},
pages = {2385-2399},
year = {1998},
doi = {10.1121/1.423748},

URL = { 
        https://doi.org/10.1121/1.423748
    
},
eprint = { 
        https://doi.org/10.1121/1.423748
    
}

}



@ARTICLE{Gallun2013,
AUTHOR={Gallun, Frederick and Diedesch, Anna and Kampel, Sean and Jakien, Kasey},   
TITLE={Independent impacts of age and hearing loss on spatial release in a complex auditory environment},      
JOURNAL={Frontiers in Neuroscience},      
VOLUME={7},      
PAGES={252},     
YEAR={2013},      
DOI={10.3389/fnins.2013.00252},      
ISSN={1662-453X},   
}


@misc{itu97,
	Author = {ITU-R: Recomendation ITU-R BS.1116-3},
	Keywords = {multichannel, sound-system-calibration, subjective-preference,auralization},
	Priority = {3},
	Subtitle = {{Methods for the subjective assessment of small impairments in audio systems, International Telecomunication Union}},
	Title = {Methods for the subjective assessment of small impairments in audio systems. {International Telecomunication Union}},
	Year = {(2015)}}


@article{pulkki1997virtual,
    author = {Pulkki, Ville},
    citeulike-article-id = {12536352},
    citeulike-linkout-0 = {http://www.aes.org/e-lib/browse.cfm?elib=7853},
    journal = {Journal of the Audio Engineering Society},
    keywords = {audio, multi-talker, technical-audio},
    number = {6},
    posted-at = {2013-07-31 11:16:44},
    priority = {0},
    title = {{Virtual sound source positioning using vector base amplitude panning}},
    url = {http://www.aes.org/e-lib/browse.cfm?elib=7853},
    volume = {45},
    year = {1997}
}

@book{fereczkowski2014capturing,
  title={Capturing and Reproducing Realistic Acoustic Scenes for Hearing Research: PhD Thesis},
  author={Fereczkowski, M. and Marschall, M. and Danmarks Tekniske Universitet. Centre for Applied Hearing Research},
  series={Copenhagen contributions to hearing research},
  year={2014},
  publisher={Centre for Applied Hearing Research, Technical University of Denmark}
}


@article{Wightman92,
	Author = {L. Wightman, Frederic and J. Kistler, Doris},
	Booktitle = {The Journal of the Acoustical Society of America},
	journal = {The Journal of the Acoustical Society of America},
	Month = {04},
	Pages = {1648-61},
	Title = {The dominant role of low-frequency interaural time differences in sound localisation},
	Volume = {91},
	Year = {1992}}


@phdthesis{Faria2005,
title = "Auralização em ambientes audiovisuais imersvivos",
keywords = "Áudio digital, Acústica, Realidade virtual, Multimeios",
author = "Regis Rossi Alves Faria ",
year = "2005",
month = "6",
isbn = "978-87-92465-23-8",
school = " Escola Politécnica da Universidade de São Paulo. Departamento de Engenharia de Sistemas Eletrônicos",
}

@phdthesis{Emmanuel2016DTU,
title = "A loudspeaker-based room auralization system for auditory research",
keywords = "Loudspeaker-based auralization, Speech intelligibility, Virtual auditory environment, LoRA, Acoustic, Distance discrimination,",
author = "Favrot, {Sylvain Emmanuel} and Jörg Buchholz and Torsten Dau",
year = "2010",
month = "6",
isbn = "978-87-92465-23-8",
publisher = "Technical University of Denmark (DTU)",
}


@book{Benesty2008,
   title =     {Springer Handbook of Speech Processing},
   author={Benesty, J. and Sondhi, M.M. and Huang, Y.},
   series={Springer Handbook of Speech Processing},
   publisher = {Springer-Verlag Berlin Heidelberg},
   isbn =      {978-3-540-49125-5,978-3-540-49127-9},
   year =      {2008},
   
   }
   
   
   
   @book{cook2014assistive,
  title={Assistive Technologies: Principles and Practice},
  author={Cook, A.M. and Polgar, J.M.},
  isbn={9780323291019},
  url={https://books.google.com.br/books?id=ODWaBQAAQBAJ},
  year={2014},
  publisher={Elsevier Health Sciences}
}



@misc{CAT2007,
  author = {CAT},
  title = {Ata da Reunião VII de 13 E 14 DE DEZEMBRO DE 2007 Comitê de Ajudas Técnicas Secretaria Especial dos Direitos Humanos da Presidência da República (CORDE/SEDH/PR)},
  year = {2007},
}

@misc{BIOSOM,
  author = {{B}IOSOM},
  title = {Implante coclear para pessoas com deficiência auditiva},
url={https://biosom.com.br/blog/saude/implante-coclear/},
urlaccessdate={16 nov. 2016},
year = {2015},
}

@article{HOLOS1595,
    title = {TECNOLOGIA ASSISTIVA – UMA REVISãO DO TEMA},
	author = {Patrícia Rodrigues e Lynn Rosalina Alves},
	journal = {HOLOS},
	volume = {6},
	number = {0},
	year = {2014},
	keywords = {},
	issn = {1807-1600},	
	pages = {170--180},	
	doi = {10.15628/holos.2013.1595},
	url = {http://www2.ifrn.edu.br/ojs/index.php/HOLOS/article/view/1595},
	}

@misc{rita2013,
  Author = {Rita Bersch},
  Year = {2013},
  Howpublished = {\url{http://www.assistiva.com.br/Introducao_Tecnologia_Assistiva.pdf}},
  Title = {Introdução à tecnologia assistiva}
  }
  
  @misc{OMS2014,
author = {{{O}rganização {M}undial  da {S}aúde}},
Title = {Classificação dos graus de perda auditiva},
  Year = {2014},
  Howpublished = {\url{http://www.who.int/pbd/deafness/hearing_impairment_grades/en/}},
  urlaccessdate={19 out. 2016},
  }
  
    @misc{huufsc,
    Author = {Raquel Kuerten de Salles and Priscilli Beresford and Adriana Lima and Francine Freiberger and Nicoli Mafra},
note = {HU Hospital Universitário Prof. Dr. Polyodoro Emani de São Thiago-Universidade Federal de Santa Catarina. },
Title = {Avaliação de candidatos ao implante coclear - Procedimento operacional padrão},
  Year = {2015},
  Howpublished = {\url{http://www.hu.ufsc.br/documentos/pop/fonoaudiologia/POP_14_Avaliacao_Implante_Coclear.pdf}},
  urlaccessdate={22 out. 2016},
  }
  
    @misc{Grahan2014,
    Author = {Carol Flexer and Jane Madell and Joan Hewitt and Elizabeth Fitzpatrick and Carmen Barrieru-Nielsen and Stacey Lim and Johnnie Sexton and Don Goldberg},
Title = {Alexander Graham Bell Association’s Recommended Protocol for Audiological Assessment, Hearing Aid and Cochlear Implant Evaluation, and Follow-up},
  Year = {2014},
  Howpublished = {\url{http://www.agbell.org/Protocol.Audiological.Assessment/}},
  urlaccessdate={22 out. 2016},
  }

  @misc{latino2003,
    Author = {{Elaborado pelo Grupo de Pesquisas Latino-americano} {COCHLEAR AMÉRICAS}},
Title = {Protocolo Latino Americano para Implantes Cocleares},
  Year = {2003},
  Howpublished = {\url{http://www.pkasesorias.cl/PDF/PROTOCOLO%20LATINOAMERICANO%20EV%20AUDITIVA.pdf}},
  urlaccessdate={27 out. 2016},
  }
  
    @misc{australia2011,
    Author = {{DEPARTMENT OF HEALTH}},
Title = {Clinical Guidelines for Adult
Cochlear Implantation. Perth: Health Networks Branch, Department of Health Western Australia},
  Year = {2011},
  Howpublished = {\url{http://www.healthnetworks.health.wa.gov.au/docs/1301_CG_AdultCochlearImplantation.pdf}},
  urlaccessdate={27 out. 2016},
  }
  
  
  @misc{mexico2003,
    Author = {Pedro Berruecos},
Title = {{PERFILl IC} (Patrón Especial de Referencias para Facilitar la Indicación de Los Implantes Cocleares},
  Year = {2014},
  Howpublished = {\url{http://implantecoclear.org/documentos/implante/perfil_ic.pdf}},
  urlaccessdate={27 out. 2016},
  }

     @misc{MS1278_1999,
author = {BRASIL},
Title = {Portaria do Ministério da Saúde No. 1.278 de 20 de outubro de 1999},
    Howpublished = {Diário Oficial da União, Brasília, n. 202,21},
    urlaccessdate={22 out. 2016},
    }
  

    
          @misc{NR7,
author = {BRASIL},
title = {NR-7 Programa de Controle Médico de Saúde Ocupacional},
subtitle = {Portaria n 8, de 08 de maio de 1996 - Altera Norma Regulamentadora {NR-7} },

    Howpublished = {Diário Oficial da União, Brasília, n. 134,91},
    page = {8202},
    year={13 mai. 1996},
    }
               
    
      
       @misc{anvisa2002,
author = {ANVISA},
Title = {Resolução – RDC nº 50, de 21 de fevereiro de 2002},
    Howpublished = {Diário Oficial da União, Brasília, n. 35,1-19},
     Year = {2002},
     urlaccessdate={22 out. 2016},
    }
    
          @misc{nice2007,
author = {BCIG},
Title = {Hearing impairment - cochlear implants: appraisal consultation},
    Howpublished = {\url{https://www.nice.org.uk/guidance/ta166/documents/}},
     Year = {2007},
     urlaccessdate={24 out. 2016},
    }
    
     @article{barrie2006,
   author = "Edmonds, Barrie A. and Culling, John F.",
   title = "The spatial unmasking of speech: evidence for within-channel processing of interaural time delay",
   journal = "The Journal of the Acoustical Society of America",
   year = "2005",
   volume = "117",
   number = "5", 
   eid = 1,
   pages = "3069-3078",
   url = "http://scitation.aip.org/content/asa/journal/jasa/117/5/10.1121/1.1880752",
   doi = "http://dx.doi.org/10.1121/1.1880752" 
}

@article{Ebata1967,
   author = "Ebata, Masanao and Sone, Toshio and Nimura, Tadamoto",
   title = "Improvement of Hearing Ability by Directional Information",
   journal = "The Journal of the Acoustical Society of America",
   year = "1968",
   volume = "43",
   number = "2", 
   pages = "289-297",
   url = "http://scitation.aip.org/content/asa/journal/jasa/43/2/10.1121/1.1910778",
   doi = "http://dx.doi.org/10.1121/1.1910778" 
}



  @article{best2012,
   author = "Best, Virginia and Marrone, Nicole and Mason, Christine R. and Kidd, Gerald",
   title = "The influence of non-spatial factors on measures of spatial release from masking",
   journal = "The Journal of the Acoustical Society of America",
   year = "2012",
   volume = "131",
   number = "4", 
   pages = "3103-3110",
   doi = "http://dx.doi.org/10.1121/1.3693656" 
}

@article{Antje2008,
   author = "Ihlefeld, Antje and Shinn-Cunningham, Barbara",
   title = "Spatial release from energetic and informational masking in a selective speech identification taska)",
   journal = "The Journal of the Acoustical Society of America",
   year = "2008",
   volume = "123",
   number = "6", 
   pages = "4369-4379",
   url = "http://scitation.aip.org/content/asa/journal/jasa/123/6/10.1121/1.2904826",
   doi = "http://dx.doi.org/10.1121/1.2904826" 
}



 @article{Caporali2004,
   title = {Reconhecimento de fala no ruído em jovens e idosos com perda auditiva},
   journal = {{Revista Brasileira de Otorrinolaringologia}},
   author={Sueli A Caporali and José Silva},
   ISSN = {0034-7299},
   volume = {70},
   year = {2004},
   month = {08},
   pages = {525 - 532},
   publisher = {scielo},
 }
 
 
  @article{valente1998elaboraccao,
  title={Elabora{\c{c}}{\~a}o de listas de senten{\c{c}}as constru{\'\i}das na l{\'\i}ngua portuguesa [Disserta{\c{c}}{\~a}o]},
  author={Valente, SLO},
  journal={S{\~a}o Paulo: Pontif{\'\i}cia Universidade Cat{\'o}lica de S{\~a}o Paulo},
  year={1998}
}

@inproceedings{ITAToolbox2017,
      author       = {Berzborn, Marco and Bomhardt, Ramona and Klein, Johannes and Richter, Jan-Gerrit and Vorländer, Michael},
      title = {{T}he {ITA}-{T}oolbox: {A}n {O}pen {S}ource {MATLAB} {T}oolbox for {A}coustic {M}easurements and {S}ignal {P}rocessing},
      booktitle = {Proceedings 43th Annual German Congress on Acoustics},
      reportid     = {RWTH-2017-03229},
      year         = {2017},
      month         = {Mar},
      date          = {2017-03-06},
      organization  = {43th Annual German Congress on Acoustics, Kiel (Germany), 6 Mar 2017 -9 Mar 2017},
}
@ARTICLE{7083725, 
author={G. D. Romigh and D. S. Brungart and B. D. Simpson}, 
journal={IEEE Journal of Selected Topics in Signal Processing}, 
title={Free-Field Localization Performance With a Head-Tracked Virtual Auditory Display}, 
year={2015}, 
volume={9}, 
number={5}, 
pages={943-954}, 
keywords={auditory displays;headphones;virtual reality;arbitrary locations;free field;free-field localization performance;head-related transfer function measurement;head-tracked virtual auditory display;head-tracked virtual sounds;headphones;psychoacoustic validation;signal processing techniques;sound sources;spatial sound locations;virtual audio display;virtual sounds;virtual synthesis technique;Discrete Fourier transforms;Ear;Frequency measurement;Frequency response;Headphones;Loudspeakers;Microphones;Head-related transfer functions (HRTFs);localization}, 
doi={10.1109/JSTSP.2015.2421874}, 
ISSN={1932-4553}, 
month={Aug},
}

@INPROCEEDINGS{Grohn02localizationof,
    author = {Matti Grohn},
    title = {Localization of a moving virtual sound source in a virtual room: The effect of a distracting auditory stimulus},
    booktitle = {Stimulus, in International Conference on Auditory Display},
    year = {2002}
}

@phdthesis{Archontis16,
title={Microphone array processing for parametric spatial audio techniques},
author={Politis, Archontis},
year={2016},
language={en},
pages={126 + app. 89},
school={Aalto University},
keyword={spatial audio; microphone arrays; sound field analysis; sound reproduction},
isbn={978-952-60-7037-7 (electronic); 978-952-60-7038-4 (printed)},
issn={1799-4942 (electronic); 1799-4934 (printed); 1799-4934 (ISSN-L)},
series={Aalto University publication series DOCTORAL DISSERTATIONS; 195/2016},
publisher={Aalto University; Aalto-yliopisto},
type={G5 Artikkeliväitöskirja},
url={http://urn.fi/URN:ISBN:978-952-60-7037-7},
}
  @article{alves2014adaptaccao,
  title={Adapta{\c{c}}{\~a}o da Bateria de Testes EARS ao Portugu{\^e}s Europeu},
  author={Alves, Marisa and Ramos, Daniela and Oliveira, Gra{\c{c}}a and Alves, Helena and Anderson, Ilona and Magalh{\~a}es, Isabel and Martins, Jorge H and Sim{\~o}es, Margarida and Ferreira, Raquel and Fonseca, Rita},
  journal={Acta M{\'e}dica Portuguesa},
  volume={27},
  number={1},
  pages={23--32},
  year={2014}
}



     @article{mirandaSaulsvita2008,
  title={Logoaudiometria: o uso do mascaramento na avaliação do reconhecimento de fala em indivíduos com deficiência auditiva sensorioneural},
  author={Juliana Sakamoto Miranda and Sandra Elisa Rossetto Agra},
  journal={Salusvita},
  volume={27},
  number={3},
  pages={329--339},
  year={2008}
} 

@book{lawson2011speech,
  title={Speech Audiometry},
  author={Lawson, G.D. and Peterson, M.E.},
  isbn={9781597566964},
  series={Core Clinical Concepts in Audiology},
  year={2011},
  publisher={Plural Publishing Incorporated}
}


@book{young2016pediatric,
      title={Pediatric Cochlear Implantation Learning and the Brain},
  author={Nancy M Young},
  isbn={9781493927883},
  series={coco},
  doi = {10.1007/978-1-4939-2788-3},
  year={2016},
  publisher={Springer New York}
    }



@article{Goffi2004,
 author={Maria Valéria S Goffi Gomez and Mariana Cardoso Guedes and Sandra B Giorgi Sant.Anna and Cristina G. Ornelas Peralta and Robinson Koji Tsuji and Arthur Menino Castilho and Rubens V. Brito Neto and Ricardo Ferreira Bento},
  title={Critérios de Seleção e Avaliação Médica e Audiológica dos Candidatos ao Implante Coclear: Protocolo {HC-FMUSP}},
 journal={Arquivos Internacionais de Otorrinolaringologia},
  volume={8},
  number={4},
  pages={295--317},
  year={2004},
  publisher={ISSN 1516-1528}
}


@PHDTHESIS{Gamma2004,
AUTHOR =       "Márcia Regina Gamma",
TITLE =        " Desenvolvimento e estudo comparativo de listas de palavras para uso na medida do limiar de reconhecimento de fala em crianças de 5 a 7 anos de idade",
SCHOOL =       "Instituto de Psicologia Universidade de São Paulo Neurociências e Comportamento",
YEAR =         "2004",
DOI = "10.11606/T.47.2004.tde-23022005-150900",
type =         "Doutorado",
 urlaccessdate={21 out. 2016},
}

@book{bess1998fundamentos,
  title={Fundamentos de audiologia},
  author={Bess, F.H. and Humes, L.E.},
  isbn={9788573073911},
  url={https://books.google.com.br/books?id=\_1upAAAACAAJ},
  year={1998},
  publisher={Artmed Editora}
}

@book{martin1997speech,
  title={Speech Audiometry},
  author={Martin, M.},
  isbn={9781897635124},
  lccn={97008329},
  series={Exc Business And Economy},
  url={https://books.google.com.br/books?id=2LxsAAAAMAAJ},
  year={1997},
  publisher={Wiley}
}

@book{lyon2017human,
  title={Human and Machine Hearing},
  author={Lyon, R.F.},
  isbn={9781107007536},
  lccn={2016041119},
  url={https://books.google.co.uk/books?id=ENmiDgAAQBAJ},
  year={2017},
  publisher={Cambridge University Press}
}

@incollection{Akeroyd2016a,
  editor={Popelka, G.R. and Moore, B.C.J. and Fay, R.R. and Popper, A.N.},
  title={Spatial Hearing and Hearing Aids},
  booktitle = {Hearing Aids},
  author={Akeroyd, Michael A. and Whitmer, William M.},
  isbn={9783319330365},
  pages = {181-215},
  series={Springer Handbook of Auditory Research},
  year={2016},
  publisher={Springer International Publishing}
}
@article{Srinivasan2016,
author = {Srinivasan,Nirmal Kumar  and Jakien,Kasey M.  and Gallun,Frederick J. },
title = {Release from masking for small spatial separations: Effects of age and hearing loss},
journal = {The Journal of the Acoustical Society of America},
volume = {140},
number = {1},
pages = {EL73-EL78},
year = {2016},
doi = {10.1121/1.4954386},
}

@Inbook{Akeroyd2016,
author="Akeroyd, Michael A. and Whitmer, William M.",
title="Spatial Hearing and Hearing Aids",
bookTitle="Hearing Aids",
year="2016",
publisher="Springer International Publishing",
address="Cham",
pages="181--215",
isbn="978-3-319-33036-5",
doi="10.1007/978-3-319-33036-5_7",
}




@article{Srinivasan2017,
author = {Srinivasan,Nirmal Kumar  and Stansell,Meghan  and Gallun,Frederick J. },
title = {The role of early and late reflections on spatial release from masking: Effects of age and hearing loss},
journal = {The Journal of the Acoustical Society of America},
volume = {141},
number = {3},
pages = {EL185-EL191},
year = {2017},
doi = {10.1121/1.4973837},

URL = { 
        https://doi.org/10.1121/1.4973837
    
},
eprint = { 
        https://doi.org/10.1121/1.4973837
    
}

}

 @incollection{kruger97,
        editor    = "Michael Martin",
      title       = "Speech audiometry in USA",
      author      = "Barbara Kruger and Frederick Kruger",
      booktitle   = "Speech
audiometry",
          address     = "Michigan University",
      pages       = "89",
      isbn={9781897635124},
    series={\textit{Exc Business And Economy}},
    year={1997},
    publisher={Wiley}
      
    }

 @incollection{penrod1999,
        editor    = "Kantz, J",
      title       = "Logoaudiometria",
      author      = "J Penrod",
      booktitle   = "Tratado de audiologia clínica 4. ed",
      publisher   = "Manole",
      address     = "São Paulo",
      year        = 1999,
      pages       = "146-162",
      
    }

@book{katz1999tratado,
  author={Katz, J.},
  isbn={9788520407509},
  url={https://books.google.com.br/books?id=jTvztgAACAAJ},
  year={1999},
  publisher={Manole}
}


@article{Young1982,
author = {Young, Jr. ,Lamar L. and Dudley, Brenda and Gunter, Melissa Byers},
title = {Thresholds and Psychometric Functions of the Individual Spondaic Words},
journal = {Journal of Speech, Language, and Hearing Research},
volume = {25},
number = {4},
pages = {586-593},
year = {1982},
doi = {10.1044/jshr.2504.586},
URL = { + http://dx.doi.org/10.1044/jshr.2504.586},
eprint = {}
}


@ARTICLE{Pulkki2005, 
author={V. Pulkki and T. Hirvonen}, 
journal={IEEE Transactions on Speech and Audio Processing}, 
title={Localization of virtual sources in multichannel audio reproduction}, 
year={2005}, 
volume={13}, 
number={1}, 
pages={105-119}, 
keywords={audio acoustics;audio signal processing;hearing;loudspeakers;microphone arrays;sound reproduction;2D multichannel reproduction system;auditory model simulation;eight-channel loudspeaker;first-order ambisonics;five-channel loudspeaker;listening test;median plane;microphone system;multichannel audio reproduction;multichannel sound reproduction;narrow-band virtual source;pair-wise spanning;second-order ambisonics;spaced microphone technique;virtual source localization;Acoustics;Auditory system;Frequency;Helium;Loudspeakers;Microphones;Narrowband;Predictive models;System testing;Two dimensional displays}, 
doi={10.1109/TSA.2004.838533}, 
ISSN={1063-6676}, 
month={Jan},}


@Article{Wouters2015,
  Title                    = {Sound Coding in Cochlear Implants: From electric pulses to hearing},
  Author                   = {Wouters, Jan and McDermott, Hugh Joseph and Francart, Tom},
  Journal                  = {Signal Processing Magazine, IEEE},
  Year                     = {2015},
  Number                   = {2},
  Pages                    = {67--80},
  Volume                   = {32},
  Publisher                = {IEEE},
}

@book{holden2015acoustics,
   title =     {Acoustics of multi-use performing arts centers},
   author =    {Holden, Mark},
   publisher = {Crc Press},
   isbn =      {13: 978-1-4987-4578-9},
   year =      {2016},
   series =    {},
   edition =   {},
   volume =    {},
}
   
 
   
@book{suzuki2009,
   title ={Principles and Applications of Spatial Hearing},
   author =    {Yôiti Suzuki and Douglas Brungart and Yukio Iwaya and Kazuhiro Iida and Densil Cabreraa and Hiroaki Kato},
   publisher = {World Scientific Publishing Company},
   isbn =      {9814313874,9789814313872},
   year =      {2009},
   series =    {},
   edition =   {1},
   volume =    {},
   
   }


@PHDTHESIS{costa98a,
AUTHOR =       "Everardo Andrade da Costa",
TITLE =        "Desenvolvimento de testes de reconhecimento da fala com ruído em português do Brasil para aplicação em audiologia ocupacional",
SCHOOL =       "Universidade Estadual de Campinas",
YEAR =         "1998",
type =         "Doutorado",
}

 @incollection{costa98b,
        editor    = "NUDELMAN, A. A.; COSTA, E. A.; SELIGMAN, R. N.",
      title       = "Os testes logoaudiométricos e sua aplicação em audiologia
ocupacional",
      author      = "Everardo Andrade da Costa",
      booktitle   = "Pair: perda auditiva induzida por ruído",
          address     = "Porto Alegre",
      pages       = "233-235",
          year={1998},
    publisher={Bagagem}
      
    }


@MASTERSTHESIS{gama1991,
AUTHOR ={Márcia Regina Gama},
TITLE ={Avaliação qualitativa da percepção de fala como auxílio no processo de seleção de aparelhos de amplificação sonora},
SCHOOL ={Pontifícia Universidade de São Paulo -SP},
YEAR ={1991},
type ={Mestrado em Fonoaudiologia},
}

@MASTERSTHESIS{Aguirre2017,
AUTHOR ={Sergio Luiz Aguirre},
TITLE ={Implementação e avaliação de um sistema de virtualização de fontes sonoras},
SCHOOL ={Federal University of Santa Catarina - SC},
YEAR ={2017},
type ={Master's Degree in Mechanical Engineering},
}

@book{goldstein2013sensation,
  title={Sensation and Perception},
  author={Goldstein, E.B.},
  isbn={9781133958499},
  lccn={2012951283},
  url={https://books.google.co.uk/books?id=fZnklywcQLwC},
  year={2013},
  publisher={Cengage Learning}
}

@article{Abel2000,
author = {Abel,Sharon M.  and Giguère,Christian  and Consoli,Angela  and Papsin,Blake C. },
title = {The effect of aging on horizontal plane sound localization},
journal = {The Journal of the Acoustical Society of America},
volume = {108},
number = {2},
pages = {743-752},
year = {2000},
doi = {10.1121/1.429607},

URL = { 
        https://doi.org/10.1121/1.429607
    
},
eprint = { 
        https://doi.org/10.1121/1.429607
    
}

}

@article{kingbenefit,
  title={The Benefit of Temporal Fine Structure in Spatial Release From Masking for Older Hearing-Impaired Listeners},
  author={King, Andrew and Bramsl{\o}w, Lars and Hietkamp, Renskje K and Vatti, Marianna and Hafez, Atefeh and Pontoppidan, Niels Henrik and Hopkins, Kathryn},
  publisher={Citeseer}
}


@book{bregman1994auditory,
  title={Auditory Scene Analysis: The Perceptual Organization of Sound},
  author={Bregman, A.S.},
  isbn={9780262521956},
  lccn={lc89014595},
  series={A Bradford book},
  url={https://books.google.co.uk/books?id=jI8muSpAC5AC},
  year={1994},
  publisher={Bradford Books}
}


@article{Fitzgibbons2004,
author = {Fitzgibbons,Peter J.  and Gordon-Salant,Sandra },
title = {Age effects on discrimination of timing in auditory sequences},
journal = {The Journal of the Acoustical Society of America},
volume = {116},
number = {2},
pages = {1126-1134},
year = {2004},
doi = {10.1121/1.1765192},
URL = {https://doi.org/10.1121/1.1765192},
eprint = {https://doi.org/10.1121/1.1765192}

}

@article {Ross11172,
	author = {Ross, Bernhard and Fujioka, Takako and Tremblay, Kelly L. and Picton, Terence W.},
	title = {Aging in Binaural Hearing Begins in Mid-Life: Evidence from Cortical Auditory-Evoked Responses to Changes in Interaural Phase},
	volume = {27},
	number = {42},
	pages = {11172--11178},
	year = {2007},
	doi = {10.1523/JNEUROSCI.1813-07.2007},
	publisher = {Society for Neuroscience},
	issn = {0270-6474},
	URL = {http://www.jneurosci.org/content/27/42/11172},
	eprint = {http://www.jneurosci.org/content/27/42/11172.full.pdf},
	journal = {Journal of Neuroscience}
}


@article{Hopkins2011,
author = {Hopkins,Kathryn and Moore,Brian C. J. },
title = {The effects of age and cochlear hearing loss on temporal fine structure sensitivity, frequency selectivity, and speech reception in noise},
journal = {The Journal of the Acoustical Society of America},
volume = {130},
number = {1},
pages = {334-349},
year = {2011},
doi = {10.1121/1.3585848},
URL = {https://doi.org/10.1121/1.3585848},
eprint = {https://doi.org/10.1121/1.3585848}
}



@ARTICLE{Knapp1976, 
author={C. Knapp and G. Carter}, 
journal={IEEE Transactions on Acoustics, Speech, and Signal Processing}, 
title={The generalized correlation method for estimation of time delay}, 
year={1976}, 
volume={24}, 
number={4}, 
pages={320-327}, 
keywords={Correlation;Correlators;Delay effects;Delay estimation;Frequency;Mathematical model;Maximum likelihood estimation;Propagation delay;Signal processing;Signal to noise ratio}, 
doi={10.1109/TASSP.1976.1162830}, 
ISSN={0096-3518}, 
month={Aug},}

@MASTERSTHESIS{ashok2007,
AUTHOR ={Ashok Kumar Tellakula},
TITLE ={Acoustic Source Localization
Using Time Delay Estimation},
SCHOOL ={Supercomputer Education and Research Centre
Indian Institute of Science
Bangalore - INDIA},
YEAR ={2007},
type ={Master of Science (Engineering)},
}
   
%%%%%%%%%%Mestrado up


@MASTERSTHESIS{Cavalheiro2015,
AUTHOR ={Thiago Cavalheiro},
TITLE ={Avaliação de atenuadores acústicos dissipativos de dutos de ar-condicionado de aeronaves},
SCHOOL ={Universidade Federal de Santa Catarina. Programa de Pós-Graduação em Engenharia Mecânica.},
YEAR ={2015},
type ={Mestrado},
}

@PHDTHESIS{Pasqual2010,
AUTHOR =       "Alexander Mattioli Pasqual",
TITLE =        "Controle da diretividade sonora no espaço tridimensional por um arranjo esférico compacto de alto-falantes ",
SCHOOL =       "Universidade Estadual de Campinas . Faculdade de Engenharia Mecânica ",
YEAR =         "2010",
type =         "Doutorado",
}

@misc{LenziAcustica,
  Author = {Arcanjo Lenzi},
  Institution = {Universidade Federal de Santa Catarina},
  Howpublished = {Notas de aula - pós-graduação em Engenharia Mecânica},
  Year = {2016},
  Title = {Disciplina de Acústica}
  }
  
  @techreport{iso-10534--2,
  author = {ISO - International Organization for Standardization},
  title = {{A}coustics -- {D}etermination of sound absorption coefficient and impedance in impedance tubes -- Part 2: Transfer-function method},
	Institution              = {ISO},
  type = {Norma},
  number = {10534--2},
  year = {1998}
}
 
 @techreport{ANSIS31,
  author = {ANSI, American National Standard},
  title = {{M}aximum Permissible Ambient
Noise Levels for Audiometric Test Rooms},
	Institution              = {ANSI},
  type = {Norma},
  number = {S3.1},
  year = {1999}
}

  @techreport{iso-8253--1,
  author = {{ISO}, International Organization for Standardization},
  title = {{A}coustics -- {A}udiometric test methods -- Part 1: Pure-tone air and bone conduction audiometry},
	Institution              = {ISO},
  type = {Norma},
  number = {8253--1},
  year = {2010}
}


  @techreport{iso-8253--3,
  author = {ISO, International Organization for Standardization},
  title = {{A}coustics -- {A}udiometric test methods -- Part 3: Speech audiometry},
	Institution              = {ISO},
  type = {Norma},
  number = {8253--3},
  year = {2012}
}


@techreport{iso-10140--4,
  author = {ISO - International Organization for Standardization},
  title = {{A}coustics -- Laboratory measurement of sound insulation of building elements -- Part 4:  Measurement procedures and requirements},
	Institution              = {ISO},
  type = {Norma},
  number = {10140--4},
  year = {2010}
}

@techreport{astm-e-90,
  author = {ASTM - American Society for Testing and Materials},
  title = {Standard Test Method for Laboratory Measurement of Airborne Sound Transmission Loss of Building Partitions and Elements},
	Institution              = {ASTM},
  type = {Norma},
  number = {e-90},
  year = {2009}
}

 @techreport{iso-3741,
  author = {ISO - International Organization for Standardization},
  title = {{D}etermination of sound power levels and sound energy levels of noise sources using sound pressure -- Precision methods for reverberation test rooms},
	Institution              = {ISO},
  type = {Norma},
  number = {3741},
  year = {1999}
}

@article{kidner2006increase,
 author={Kidner, MRF and Fuller, CR and Gardner, B},
  title={Increase in transmission loss of single panels by addition of mass inclusions to a poro-elastic layer: Experimental investigation},
 journal={Journal of sound and vibration},
  volume={294},
  number={3},
  pages={466--472},
  year={2006},
  publisher={Elsevier}
}

@book{yan1999creative,
  title={Creative Design of Mechanical Devices},
  author={Yan, H. S.},
  year={1999},
  address = {Singapura},
  publisher={Springer}
}

@incollection{Letowski_2011,
  author="Tomasz Letowski and Szymon Letowski ",
  title="Localization Error Accuracy and Precision of Auditory Localization",
  editor      = "Pawel Strumillo",
  booktitle   = "Advances in Sound Localization",
  publisher   = "Intech",
  DOI = {10.5772/15652},
  address     = "Oxford",
  year        = 2011,
  pages       = "55-78",
  chapter     = 4,
}


@article{kim2010,
  title={Accurate Position Detection of Sound Source by
LabView},
  author={Dong Hoon Kim and Yunmo Chung},
  journal={Proceedings of 20th International Congress on Acoustics ICA},
  year={2010}
}


@article{jaouen2008reinforcement,
  title={Reinforcement of acoustical material properties using multiple scales},
  author={Jaouen, L and B{\'e}cot, FX},
  journal={SIA Automotive and railroad comfort},
  year={2008}
}


@article{campolina2012effect,
  title={Effect of porous material compression on the sound transmission of a covered single leaf panel},
  author={Campolina, Bruno and Dauchez, Nicolas and Atalla, Noureddine and Doutres, O},
  journal={Applied Acoustics},
  volume={73},
  number={8},
  pages={791--797},
  year={2012},
  publisher={Elsevier}
}

@article{liu2014design,
  title={Design optimization of porous fibrous material for maximizing absorption of sounds under set frequency bands},
  author={Liu, Shutian and Chen, Wenjiong and Zhang, Yongcun},
  journal={Applied Acoustics},
  volume={76},
  pages={319--328},
  year={2014},
  publisher={Elsevier}
}

@book{blauert2005communication,
  title={Communication Acoustics},
  author={Blauert, J.},
  isbn={9783540221623},
  lccn={2005922819},
  series={Signals and Communication Technology},
  year={2005},
  publisher={Springer}
}

@book{blauert2013technology,
  title={The Technology of Binaural Listening},
  author={Blauert, J.},
  isbn={9783642377624},
  series={Modern Acoustics and Signal Processing},
  year={2013},
  publisher={Springer Berlin Heidelberg}
}


@INPROCEEDINGS{Pernaux98virtualsound,
    author = {Jean-marie Pernaux and Patrick Boussard and Jean-Marc Jot},
    title = {Virtual Sound Source Positioning and Mixing in 5.1 Implementation on the Real-Time System Genesis},
    booktitle = {In Proc. Conf. Digital Audio Effects (DAFx-98},
    year = {1998},
    pages = {76--80}
}


@article{galvez2016object,
		title = {Object-Based Audio Reproduction using a Listener-Position Adaptive Stereo System},
		author = {Galvez, Marcos F. Simón and Menzies, Dylan and Mason, Rusell and Fazi, Filippo Maria},
		journal = {J. Audio Eng. Soc},
		volume = {64},
		number = {10},
		pages = {740--751},
		year = {2016},
		url = {http://www.aes.org/e-lib/browse.cfm?elib=18516}
		}


@article{mason1988use,
  title={The use of acoustically tuned resonators to improve the sound transmission loss of double-panel partitions},
  author={Mason, JM and Fahy, FJ},
  journal={Journal of sound and vibration},
  volume={124},
  number={2},
  pages={367--379},
  year={1988},
  publisher={Elsevier}
}

@book{fahy2000foundations,
  title={Foundations of Engineering Acoustics},
  author={Fahy, F.J.},
  isbn={9780080506838},
  url={https://books.google.com.br/books?id=TSdS24eDrHwC},
  year={2000},
  publisher={Elsevier Science}
}

@book{allard2009propagation,
  title={Propagation of Sound in Porous Media: Modelling Sound Absorbing Materials 2e},
  author={Allard, J. and Atalla, N.},
  isbn={9780470747346},
  url={https://books.google.com.br/books?id=TlgO96VLYPYC},
  year={2009},
  series={a},
  publisher={Wiley}
}

@article{doutres2010acoustic,
  title={Acoustic contributions of a sound absorbing blanket placed in a double panel structure: Absorption versus transmission},
  author={Doutres, Olivier and Atalla, Noureddine},
  journal={The Journal of the Acoustical Society of America},
  volume={128},
  number={2},
  pages={664--671},
  year={2010},
  publisher={Acoustical Society of America}
}

@article{kuczmarski2011acoustic,
  title={Acoustic Absorption in Porous Materials},
  author={Kuczmarski, Maria A and Johnston, James C},
  year={2011}
}

@article{bolton2010validation,
  title={Validation of a polyimide foam model for use in transmission loss applications.},
  author={Bolton, J Stuart and Hong, Kwanwoo and Wang, Tongan and Maxon, John and Howerton, Brian and Cano, Roberto J and Weiser, Erik S and Lorenzi, Tyler and Jensen, Brian J and Silcox, Richard J},
  journal={The Journal of the Acoustical Society of America},
  volume={127},
  number={3},
  pages={1872--1872},
  year={2010},
  publisher={Acoustical Society of America}
}

@inproceedings{silcox2013development,
  title={Development of Polyimide Foam for Aircraft Sidewall Applications},
  author={Silcox, Richard and Cano, Roberto J and Howerton, Brian and Bolton, J Stuart and Kim, Nicholas N},
  booktitle={51st AIAA Aerospace Sciences Meeting Including the New Horizons Forum and Aerospace Exposition},
  year={2013}
}

@article{prydz1990transmission,
  title={Transmission loss of a multilayer panel with internal tuned Helmholtz resonators},
  author={Prydz, RA and Wirt, LS and Kuntz, HL and Pope, LD},
  journal={The Journal of the Acoustical Society of America},
  volume={87},
  number={4},
  pages={1597--1602},
  year={1990},
  publisher={Acoustical Society of America}
}


@MISC{adami2008device,
  author = {Adami, C. A. and Calvi, R. and Patorno, L. and Tuscano, G.},
  title = {Device for sewing elements that can be sutured},
  month = {24~} # jul ,
  note = {US Patent 2008/0177289 A1},
  publisher = {Google Patents},
  address = {Washington},
  year = {2008}  
}

@techreport{astmd6193,
 author = {ASTM-D6193},
 Institution = {American Society for Testing and Materials},
 Title = {Standard practice for stitches and seams},
 number = {D6193-97},
 Type = {ASTM},
 pages = {150},
 address={Filadélfia},
 Year = {1997}
 }

@MISC{badhwar2011automatic,
  author = {Badhwar, V.},
  title = {Automatic suturing apparatus and methods of use},
  month = {3~} # nov ,
  note = {US Patent 2011/0270279 A1},
  publisher = {Google Patents},
  address = {Washington},
  year = {2011}  
}

@MISC{baxter1998blind,
  author = {Baxter, S.},
  title = {Blind stitching apparatus and composite material manufacturing methods},
  month = {3~} # nov ,
  note = {US Patent 5,829,373},
  publisher = {Google Patents},
  address = {Washington},
  year = {1998}  
}

@article{belfiore2000connectivity,
  title={Connectivity and redundancy in spatial robots},
  author={Belfiore, N.P. and Di Benedetto, A.},
  journal={The International Journal of Robotics Research},
  volume={19},
  number={12},
  pages={1245--1261},
  year={2000},
  publisher={SAGE Publications}
}

@MastersThesis{debiasi2001desenvolvimento,
  author = {De Biasi, H. H.},
  title = {Desenvolvimento de uma metodologia de visão computacional para o auxílio no planejamento cirúrgico no implante de próteses endoluminais},
  school = {Universidade Federal de Santa Catarina},
  year = {2001},
}

@inproceedings{brandt2001advanced,
  title={Advanced textile technologies for the cost effective manufacturing of high performance composites},
  author={Brandt, J. and Drechsler, K. and Filsinger, J.},
  booktitle={Proceedings of RTO AVT Specialist Meeting on Low Cost Composite Structures},
  address = {Loen},
  number = {69(II)},
  publisher = {NATO-RTO},
  year={2001}
}

@inproceedings{brandt2002new,
  title={New approaches in textile and impregnation technologies for the cost effective manufacturing of CFRP aerospace components},
  author={Brandt, J{\"u}rgen and Ge{\ss}ler, Andreas and Filsinger, J{\"u}rgen},
  booktitle={Proceedings of 23rd International Congress of Aeronautical Sciences},
  pages={634.1--634.9},
  publisher = {ICAS},
  address = {Toronto},
  year={2002}
}

@inproceedings{aguirre2017Sobrac,
  title={Proposta de sistema para medição do limiar de reconhecimento da fala com fontes sonoras e ruído distribuídas espacialmente},
  author={Sergio Luiz Aguirre and Bruno Sanches Masiero and Júlio Apolinário Cordioli and Stephan Paul},
  booktitle={Proceedings of the 27th Brazilian Society of Acoustics Meeting},
  address = {Brasília, DF},
  year={28-31 maio 2017}
}

@inproceedings{Masiero2016,
  title={Qual o futuro do MP3?
Audio espacial e codificação orientada a objetos},
  author={Bruno Masiero},
  booktitle={Proceedings of the 14th AES Brazil Conference},
  address = {São Paulo, SP},
  year={17-19 maio 2016}
}

@inproceedings{Gil2016,
  title={The Influence of Microphone Directivity on the Level Calibration and Equalization of 3D Loudspeakers Setups},
  author={Silzle, Andreas and Kosmidis, Dimitrios and Greco, Gil Felix, Beer, Daniel and Bentz, Lorenz},
  booktitle={Proceedings of 29th TONMEISTERTAGUNG – VDT INTERNATIONAL CONVENTION},
  address = {Köln, Deutschland},
  year={November 2016}
}


@conference{silzle2009vision,
	Author = {Silzle, Andreas and Geyersberger, Stefan and Brohasga, Gerd and Weninger, Dieter and Leistner, Michael},
	Booktitle = {Audio Engineering Society Convention 126},
	Month = {May},
	Title = {Vision and Technique Behind the New Studios and Listening Rooms of the Fraunhofer IIS Audio Laboratory},
	Url = {http://www.aes.org/e-lib/browse.cfm?elib=14868},
	Year = {2009},
	Bdsk-Url-1 = {http://www.aes.org/e-lib/browse.cfm?elib=14868}}

@inproceedings{Paul2014,
  title={A Fisiologia da Audição como Base para Fenômenos Auditivos},
  author={Stephan Paul},
  booktitle={Proceedings of the 12th AES Brazil Conference},
  address = {São Paulo, SP},
  year={13-15 maio 2014}
}

@ELECTRONIC{brown2007,
  author = {Brown, S.},
  title = {Cycle tyres and tubes},
  url = {http://sheldonbrown.com/tyres.html},
  urlaccessdate={21/08/2013},
  year = {2007},
}

@ELECTRONIC{schroeter2013,
  author = {Schroeter, R. B.},
  title = {Escrita de dissertações e teses - dicas para melhorar},
  url = {http://ppgmec.posgrad.ufsc.br/galeria-de-midias/},
  urlaccessdate={20/04/2016},
  year = {2013},
}
@PHDTHESIS{will,
AUTHOR =       "W. D’A. Fonseca.",
TITLE =        "Beamforming Considering Acoustic Diffraction over Cylindrical Surfaces.",
SCHOOL =       "Federal University of Santa Catarina, Florianópolis, SC, Brazil",
YEAR =         "May 2013",
isbn=           {978-85-916774-0-5},
type =         "Ph.D. Dissertation",
}

       @misc{MS2776_2014,
author = {BRASIL},
Title = {Portaria do Ministério da Saúde No. 2.276 de 18 de dezembro de 2014},
    Howpublished = {Diário Oficial da União, Brasília, n. 246,183},
    year = "2014",
    url = "http://bvsms.saude.gov.br/bvs/saudelegis/gm/2014/prt2776_18_12_2014.html",
    urlaccessdate={22 out. 2016},
    }

@inproceedings{carboni2007redundancy,
  title={Redundancy and connectivity in kinematic chains},
  author={Carboni, A.P. and Martins, D.},
  booktitle = {Proceedings of 19th International Congress of Mechanical Engineering},
  address = {Brasília},
  publisher = {COBEM},
  year={2007}
}



@MastersThesis{carboni2008analise,
  author = {Carboni, A. P.},
  title = {Análise conceitual de estruturas cinemáticas planas e espaciais},
  school = {Universidade Federal de Santa Catarina},
  year = {2008},
}

@article{carboni2012modelagem,
  title={Modelagem por Helicóides de Restrições Redundantes},
  author={Carboni, A. P. and Simas, H. and Martins, D.},
  journal={Mec{\'a}nica Computacional},
  volume={XXXI},
  pages={2803--2814},
  year={2012}
}

@MastersThesis{carreto2010estudo,
  author = {Carreto, V.},
  title = {Estudo de mecanismos auto-alinháveis usando análise de dependências estáticas e cinemáticas},
  school = {Universidade Federal de Santa Catarina},
  year = {2010},
}

@ELECTRONIC{cartemere2008,
  author = {Cartemere},
  title = {MtbFrameGeometry\_FourBarLinkage.png},
  url = {http://en.wikipedia.org/wiki/File:MtbFrameGeometry\_FourBarLinkage.png},
  urlaccessdate={07/02/2013},
  year = {2008},
  note = {Altura = 768 pixels. Largura: 1024. Formato PNG.}
}

@inproceedings{cazangi2007kinematic,
  title={Kinematic analysis of automotive gearbox mechanisms using Davies' method},
  author={Cazangi, H. R. and Martins, D.},
  booktitle={Proceedings of 19th International Congress of Mechanical Engineering},
  address = {Brasília},
  publisher = {COBEM},
  year={2007}
}

@book{davidson2004robots,
  title={Robots and Screw Theory: Applications of Kinematics and Statics to Robotics},
  author={Davidson, J. K. and Hunt, T. K. H.},
  year={2004},
  publisher={Oxford University Press},
  address = {New York}
}

@MISC{egan1995automatic,
  author = {Egan, T. D.},
  title = {Automatic suturing device},
  month = {23~} # may ,
  note = {US Patent 5,417,700},
  address = {Washington},
  publisher = {Google Patents},
  year = {1995}
}

@article{farrell1977ongraphical,
  title = {On graphical partitions and planarity},
  author = {E.J. Farrell},  
  journal = {Discrete Mathematics},
  volume = {18},
  number = {2},
  pages = {149 - 153},
  year = {1977},
}

@article{gogu2005mobility,
  title = {Mobility of mechanisms: a critical review},
  author = {Grigore Gogu},
  journal = {Mechanism and Machine Theory},
  volume = {40},
  number = {9},
  pages = {1068 - 1097},
  year = {2005}
}

@book{gogu2009structural,
  title={Structural Synthesis of Parallel Robots: Part 1: Methodology},
  author={Gogu, G.},
  series={Solid Mechanics and Its Applications Series},
  year={2009},
  publisher={Springer London, Limited}
}

@MISC{griffith2008curved,
  author = {Griffith, D. B.},
  title = {Curved needle suturing tools},
  month = {30~} # oct ,
  note = {US Patent 2008/0269783 A1},
  address = {Washington},  
  publisher = {Google Patents},
  year = {2008}  
}

@book{hartenberg1964kinematic,
  title={Kinematic synthesis of linkages},
  author={Hartenberg, R. S. and Denavit, J.},
  year={1964},
  publisher={McGraw-Hill},
  address = {New York}
}

@book{hunt1978kinematic,
  title={Kinematic geometry of mechanisms},
  author={Hunt, K. H.},
  series={Oxford engineering science series},
  year={1978},
  publisher={Clarendon Press},
  address = {Oxford}
}

@article{ionescu2003terminology,
  title={Terminology for mechanisms and machine science},
  author={Ionescu, T.},
  journal={Mechanism and Machine Theory},
  volume={38},
  number={7-10},
  pages={819--825},
  year={2003}
}

@techreport{iso4915,
 author = {ISO-4915},
 Institution = {International Organization for Standardization},
 Title = {Textiles - Stitch types - Classification and terminology},
 number = {4915:1991},
 Type = {ISO},
 pages = {48},
 address = {Genebra},
 Year = {1991}
 }

@MISC{keilmann2002blind,
  author = {Keilmann, R.},
  title = {Blind stitch sewing mechanism},
  month = {29~} # oct ,
  note = {US Patent 6,470,814 B2},
  address = {Washington},
  publisher = {Google Patents},
  year = {2002}
}

@article{koissin2006surface,
  title={On-surface fibre-free zones and irregularity of piercing pattern in structurally stitched NCF preforms},
  author={Koissin, V. and Ruopp, A. and Lomov, S.V. and Verpoest, I. and Witzel, V. and Drechsler, K.},
  journal={Advanced composites letters},
  volume={15},
  number={3},
  pages={81--88},
  year={2006}
}

@conference{dewhirst2005objective,
		title = {Objective Assessement of Spatial Localisation Attributes of Surroung-Sound Reproduction Systems},
		author = {Dewhirst, Martin and Jackson, Philip and Rumsey, Francis and Zielinski, Slawomir K.},
		booktitle = {Audio Engineering Society Convention 118},
		month = {May},
		year = {2005},
		url = {http://www.aes.org/e-lib/browse.cfm?elib=13157}
		}

@book{kong2007type,
  title={Type Synthesis of Parallel Mechanisms},
  author={Kong, X. and Gosselin, C.},
  series={Springer Tracts in Advanced Robotics},
  year={2007},
  publisher={Springer-Verlag Berlin Heidelberg}
}

@ELECTRONIC{ksl2013,
  author = {KSL, Keilmann Group},
  title = {KSL Keilmann Sondermaschinenbau},
  url = {http://www.ksl-lorsch.de/},
  urlaccessdate={19/02/2013},
  year = {2013}
}

@article{laus2012efficiency,
title = {Efficiency of gear trains determined using graph and screw theories},
author = {Laus, L. P. and Simas, H. and Martins, D.},
journal = {Mechanism and Machine Theory},
volume = {52},
number = {0},
pages = {296 - 325},
year = {2012}
}

@article{li2004displacements,
  title={Displacement manifold method for type synthesis of lower-mobility parallel mechanisms},
  author={Li, Qinchuan and Huang, Zhen and Herv, JacquesMarie},
  journal={Science in China Series E: Technological Sciences},
  publisher={Science in China Press},
  volume={47},
  number={6},
  pages={641-650},
  year={2004}
}

@article{martins2008variety,
  title = {Variety and connectivity in kinematic chains},
  author = {Daniel Martins and Andrea Piga Carboni},
  journal = {Mechanism and Machine Theory},
  volume = {43},
  number = {10},
  pages = {1236 - 1252},
  year = {2008}
}

@article{martins2010fractionation,
  title = {Fractionation in planar kinematic chains: Reconciling enumeration contradictions},
  author = {D. Martins and R. Simoni and A.P. Carboni},
  journal = {Mechanism and Machine Theory},
  volume = {45},
  number = {11},
  pages = {1628 - 1641},
  year = {2010}
}

@MISC{moll1988surgical,
  author = {Moll, A. R. and Schlondorff, R. G.},
  title = {Surgical suturing machine},
  month = {31~} # may ,
  note = {US Patent 4,747,358},
  publisher = {Google Patents},
  address = {Washington},
  year = {1988}  
}

@article{mruthyunjaya2003kinematic,
  title={Kinematic structure of mechanisms revisited},
  author={Mruthyunjaya, T. S.},
  journal={Mechanism and machine theory},
  volume={38},
  number={4},
  pages={279--320},
  year={2003},
  publisher={Elsevier}
}

@techreport{nbr13483,
 author = {NBR-13483},
 Institution = {Associação Brasileira de Normas Técnicas},
 Title = {Material têxtil - Tipos de pontos},
 number = {13483},
 Type = {NBR},
 pages = {21},
 address = {São Paulo},
 Year = {1995}
 }

@MISC{nomoto1984suturing,
  author = {Nomoto, R. and Takahashi, M. and Ebata, Y.},
  title = {Suturing instrument for surgical operation},
  month = {27~} # nov ,
  note = {US Patent 4,484,580},
  publisher = {Google Patents},
  address = {Washington},
  year = {1984}  
}

@MastersThesis{rampinelli2000tratamento,
  author = {Rampinelli, A.},
  title = {Tratamento endovascular do aneurisma da aorta abdominal: estudo experimenta},
  school = {Universidade Federal de Santa Catarina},
  year = {2000},
}

@ELECTRONIC{raupp2011,
  author = {Raupp, E.},
  title = {2.jpg},
  url = {http://dreduardoraupp.com.br/img/2.jpg},
  note = {Altura = 165 pixels. Largura: 600. Formato JPG.},
  urlaccessdate={21/10/2011},
  year = {2011}
}
%  url = {http://dreduardoraupp.com.br/tratamento\_aneurisma.php},

@book{reshetov1982self,
  title={Self-aligning mechanisms},
  author={Reshetov, L.N.},
  year={1982},
  publisher={Mir Publishers},
  address = {Moscou}
}

@MISC{rioux2004remotely,
  author = {Rioux, R. F. and Sauvageau, D. J.},
  title = {Remotely-reloadable suturing},
  month = {25~} # nov ,
  note = {US Patent 2004/0236356 A1},
  address = {Washington},
  publisher = {Google Patents},
  year = {2004}  
}

@ARTICLE{saadi2006tratamento,
  author = {Saadi, E. K and Gastaldo, F. and Dussin, L. H. and Zago, A. J. and Barbosa, G. and Moura, L.},
  title = {Tratamento endovascular de aneurismas de aorta abdominal: experiência inicial e resultados a curto e médio prazo},
  journal = {Brazilian Journal of Cardiovascular Surgery},
  year = {2006},
  volume = {21},
  pages = {211--216},
  number = {2}
}

@MastersThesis{santos2011contribuicoes,
  author = {Santos, J. V. B.},
  title = {Contribuições para o projeto de manipuladores paralelos através da síntese do tipo},
  school = {Universidade Federal de Santa Catarina},
  year = {2011},
}

@MISC{shonteff2009micro,
  author = {Shonteff, H. and Chambers, F. H.},
  title = {Micro sewing device},
  month = {10~} # sep ,
  note = {US Patent 2009/0223426 A1},
  address = {Washington},
  publisher = {Google Patents},
  year = {2009}  
}

@inproceedings{sickinger2001structural,
  title={Structural stitching as a method to design high-performance composites in future},
  author={Sickinger, C and Herrmann, A},
  booktitle={Proceedings of 11th International TechTextil Symposium for Technical Textiles, Nonwovens and Textile-Reinforced Materials},
  publisher = {Elf  Atochem},
  address = {Braunschweig},
  year={2001}
}

@PhdThesis{simas2008planejamento,
  title={Planejamento de trajet{\'o}rias e evitamento de colis{\~a}o em tarefas de manipuladores reduntantes operando em ambientes confinados},
  author={Simas, H.},
  school = {Universidade Federal de Santa Catarina},
  year={2008}
}


@PhdThesis{hasan2015,
  title={Localization and Rendering of Sound Sources in Acoustic Fields},
  author={Hasan Khaddour},
  school = {FAKULTA ELEKTROTECHNIKY A KOMUNIKACN  ICH TECHNOLOGI I},
  year={2015}
}


@article{simas2009new,
  title={A new method to solve robot inverse kinematics using Assur virtual chains},
  author={Simas, H and Guenther, R and da Cruz, DFM and Martins, D},
  journal={Robotica},
  volume={27},
  number={07},
  pages={1017--1026},
  year={2009},
  publisher={Cambridge Univ Press}
}

@techreport{simas2003development,
  title={Development of an algorithm to trajectory planning of redundant robots in confined spaces},
  author={SIMAS, H. and MARTINS, D. and GUENTHER, R.},
  institutions = {Universidade Federal de Santa Catarina},
  year={2003},
  address = {Florianópolis}
}

@MastersThesis{simoni2008sintese,
  author = {Simoni, R.},
  title = {Síntese estrutural de cadeias cinemáticas e mecanismos},
  school = {Universidade Federal de Santa Catarina},
  year = {2008},
}

@PhdThesis{simoni2010contribuicoes,
  title={Contribuições para a enumeração e para a análise de mecanismos e manipuladores paralelos},
  author={Simoni, R.},
  school = {Universidade Federal de Santa Catarina},
  year={2010}
}

@PhdThesis{Paul2009,
  title={Avaliação e modelagem de qualidade sonora em aeronaves comerciais},
  author={Paul, S.},
  school = {Universidade Federal de Santa Catarina - Florianópolis},
  year={2009}
}

@ARTICLE{Keyrouz2007, 
author={F. Keyrouz and K. Diepold}, 
journal={Presence}, 
title={Binaural Source Localization and Spatial Audio Reproduction for Telepresence Applications}, 
year={2007}, 
volume={16}, 
number={5}, 
pages={509-522}, 
keywords={}, 
doi={10.1162/pres.16.5.509}, 
ISSN={1054-7460}, 
month={Oct},}

@inproceedings{Vryzas2015,
 author = {Vryzas, N. and Dimoulas, C. A. and Papanikolaou, G. V.},
 title = {Embedding Sound Localization and Spatial Audio Interaction Through Coincident Microphones Arrays},
 booktitle = {Proceedings of the Audio Mostly 2015 on Interaction With Sound},
 series = {AM '15},
 year = {2015},
 isbn = {978-1-4503-3896-7},
 location = {Thessaloniki, Greece},
 pages = {36:1--36:8},
 articleno = {36},
 numpages = {8},
 doi = {10.1145/2814895.2814917},
 acmid = {2814917},
 publisher = {ACM},
 address = {New York, NY, USA},
 keywords = {Ambisonics, Audio Localization, B-Format, Coincident Microphone Array, Embedded Systems, Energy Based Localization, Multi-Channel Audio Enhancement, Spatial Audio Interaction},
}

@INPROCEEDINGS{Kwok2005, 
author={N. M. Kwok and J. Buchholz and G. Fang and J. Gal}, 
booktitle={2005 IEEE International Conference on Industrial Technology}, 
title={Sound source localization: microphone array design and evolutionary estimation}, 
year={2005}, 
volume={}, 
number={}, 
pages={281-286}, 
keywords={computational complexity;delays;evolutionary computation;microphone arrays;speaker recognition;speech recognition equipment;time-of-arrival estimation;evolutionary computation method;evolutionary estimation;genetic algorithms;geometric array construction;human-robot interaction speech;microphone array design;robustness estimation;sound source localization;speaker motion model;time delay of arrival based technique;Acoustic noise;Delay effects;Evolutionary computation;Genetic algorithms;Human robot interaction;Loudspeakers;Microphone arrays;Motion measurement;Position measurement;Speech;genetic algorithms;microphone array;sound localization}, 
doi={10.1109/ICIT.2005.1600650}, 
ISSN={}, 
month={Dec},
}

@incollection{Wu2016,
author="Kai Wu
and Andy W. H. Khong",
editor="Magnenat-Thalmann, Nadia
and Yuan, Junsong
and Thalmann, Daniel
and You, Bum-Jae",
title="Sound Source Localization and Tracking",
bookTitle="Context Aware Human-Robot and Human-Agent Interaction",
year="2016",
publisher="Springer International Publishing",
address="Cham",
pages="55--78",
abstract="Sound source localization and tracking plays an important role in a teleconferencing system and social robot applications. Given the location of a sound, the social robot can be endowed with the capability of sound event awareness, which results in enhanced interaction with human beings. This chapter presents the problem of sound source localization and tracking, highlights their challenges, and reviews several existing techniques. In addition, a speech source tracking algorithm is proposed in order to achieve robust speaker tracking in the presence of sound interferers. Simulation is conducted and shows the effectiveness of the proposed method in a typical room environment.",
isbn="978-3-319-19947-4",
doi="10.1007/978-3-319-19947-4_3",
url="https://doi.org/10.1007/978-3-319-19947-4_3"
}





@article{AlamedaPineda_2014,
 author = {Alameda-Pineda, Xavier and Horaud, Radu},
 title = {A Geometric Approach to Sound Source Localization from Time-delay Estimates},
 journal = {IEEE/ACM Trans. Audio, Speech and Lang. Proc.},
 issue_date = {June 2014},
 volume = {22},
 number = {6},
 month = jun,
 year = {2014},
 issn = {2329-9290},
 pages = {1082--1095},
 numpages = {14},
 doi = {10.1109/TASLP.2014.2317989},
 acmid = {2687060},
 publisher = {IEEE Press},
 address = {Piscataway, NJ, USA},
 keywords = {constrained multivariate nonlinear programming, geometric sound source localization, time delay estimates},
}


@inproceedings{simoni2011enumerationreview,
  title={Enumeration of kinematic chains and mechanisms review},
  author={Simoni, R. and Carboni, AP and Simas, H. and Martins, D.},
  booktitle={Proceedings of 13th World Congress in Mechanism and Machine Science},
  publisher = {IFToMM},
  address = {Guanajuato},
  year={2011}
}

@article{simoni2009enumerationofkinematicchains,
  author = {Simoni, R. and Carboni, A. P. and Martins, D.}, 
  title = {Enumeration of kinematic chains and mechanisms},
  journal = {Proceedings of the Institution of Mechanical Engineers, Part C: Journal of Mechanical Engineering Science},
  volume = {223}, 
  number = {4}, 
  pages = {1017-1024}, 
  year = {2009}
}

@INPROCEEDINGS{pdiToolboxDAGA2013,
  author = {Pascal Dietrich and Martin Guski and Johannes Klein and Markus Müller-Trapet
	and Martin Pollow and Roman Scharrer and Michael Vorländer},
  title = {Measurements and Room Acoustic Analysis with the ITA-Toolbox for
	MATLAB},
  booktitle = {40th Italian (AIA) Annual Conference on Acoustics and the 39th German Annual Conference on Acoustics (DAGA)},
  year = {2013}}

@article{simoni2009enumeration,
 author = {Simoni, R. and Carboni, A. P. and Martins, D.},
 title = {Enumeration of parallel manipulators},
 journal = {Robotica},
 volume = {27},
 number = {4},
 month = {jul},
 year = {2009},
 pages = {589--597},
 numpages = {9},
 publisher = {Cambridge University Press},
 address = {New York}
} 

@inproceedings{simoni2007criteria,
  title={Criteria for structural synthesis and classification of mechanisms},
  author={Simoni, R. and Martins, D.},
  booktitle = {Proceedings of 19th International Congress of Mechanical Engineering},
  publisher = {COBEM},
  address = {Brasília},
  year={2007}
}

@ELECTRONIC{site2011,
  author = {SITE},
  title = {{Serviço Integrado de Técnicas Endovasculares}},
  url = {http://www.siteendovascular.com/cirurgia-endovascular.php},
  urlaccessdate={21/10/2011},
  year = {2011},
}

@MISC{solent2013,
  author = {Solent},
  title = {{Solent Sewing and Welding Solutions}},
  url = {http://www.solentsew.co.uk/categories/Product-by-industry/Filters,-Ducting-and-CIPP/},
  urlaccessdate={09/10/2013},
  year = {2013},
}

@ARTICLE{srikrishnan2011robotics,
  author = {Srikrishnan, M. R. and Parthiban, M. and Viju, S.},
  title = {Robotics: a High Tech revolution in apparel manufacturing and technology},
  journal = {International Journal of Textile and Fashion Technology},
  year = {2011},
  volume = {1},
  pages = {11--20},
  number = {1}
}

@MISC{stokes2007method,
  author = {Stokes, M. J. and Albrecht, T. E. and Ortiz, M. S. and Zeiner, M. S. and Zwolinski A. M. and Shelton IV, F. F.},
  title = {Method for instrument insertion through a body orifice},
  month = {11~} # oct ,
  note = {US Patent 2007/0239177 A1},
  publisher = {Google Patents},
  address = {Washington},
  year = {2007}  
}

@article{sunkari2006structural,
  title = {Structural synthesis of planar kinematic chains by adapting a Mckay-type algorithm},
  author = {Rajesh P. Sunkari and Linda C. Schmidt},
  journal = {Mechanism and Machine Theory},
  volume = {41},
  number = {9},
  pages = {1021 - 1030},
  year = {2006}
}

@inproceedings{szydlowski2000self,
  title={Self-aligning mechanisms, forgotten part of ME curriculum},
  author={Szydlowski, W. M.},
  booktitle={Proceedings of ASEE Annual Conference},
  pages={18--21},
  address = {St. Louis},
  publisher = {ASEE},
  year={2000}
}

@article{thurm2004application,
  title={Application areas of one-side stitching technique},
  author={Thurm, Thorsten},
  journal={Technische Textilien},
  volume={47},
  number={3},
  pages={122--123},
  year={2004},
  publisher={HOECHST}
}

@PhdThesis{tischler1995alternative,
  title={Alternative Structures for Robot Hands},
  author={Tischler, C.},
  school = {University of Melbourne},
  year={1995},
  publisher={University of Melbourne}
}

@article{tischler1995kinematicI,
  title={Kinematic chains for robot hands - I. Orderly number-synthesis},
  author={Tischler, C. and Samuel, A. and Hunt, K.},
  journal={Mechanism and Machine Theory},
  volume={30},
  number={8},
  pages={1193--1215},
  year={1995},
  publisher={Elsevier}
}

@article{tischler1995kinematicII,
  title = {Kinematic chains for robot hands - II. Kinematic constraints, classification, connectivity, and actuation},
  author = {C.R Tischler and A.E Samuel and K.H Hunt},
  journal = {Mechanism and Machine Theory},
  volume = {30},
  number = {8},
  pages = {1217 - 1239},
  year = {1995},
}

@article{tischler2001selecting,
  title={Selecting multi-freedom multi-loop kinematic chains to suit a given task},
  author={Tischler, C. and Samuel, A. and Hunt, K.},
  journal={Mechanism and machine theory},
  volume={36},
  number={8},
  pages={925--938},
  year={2001},
  publisher={Elsevier}
}

@article {Grothe2010,
	Title = {Mechanisms of sound localization in mammals},
	Author = {Grothe, Benedikt and Pecka, Michael and McAlpine, David},
	DOI = {10.1152/physrev.00026.2009},
	Number = {3},
	Volume = {90},
	Month = {July},
	Year = {2010},
	Journal = {Physiological reviews},
	ISSN = {0031-9333},
	Pages = {983—1012},
	URL = {http://intl-physrev.physiology.org/cgi/content/full/90/3/983},
}



@book{blauert1997spatial,
  title={Spatial Hearing: The Psychophysics of Human Sound Localization},
  author={Blauert, J.},
  series={a},
  isbn={9780262024136},
  lccn={96012637},
  url={https://books.google.com.br/books?id=wBiEKPhw7r0C},
  year={1997},
  publisher={MIT Press}
}


@book{tsai1999robot,
  title={Robot Analysis: The Mechanics of Serial and Parallel Manipulators},
  author={Tsai, L. W.},
  series={Wiley-Interscience publication},
  year={1999},
  address = {New York},
  publisher={Wiley}
}

@book{tsai2000mechanism,
  title={Mechanism Design: Enumeration of Kinematic Structures According to Function},
  author={Tsai, L.W.},
  series={Mechanical Engineering Series},
  year={2000},
  address = {Boca Raton},
  publisher={CRC press}
}

@article{udakhe2011sewing,
  title={Sewing threads and their technical applications},
  author={Udakhe, J. and Basuk, M.},
  journal={Fibre2fashion},
  year={2011}
}

@book{verdonck2008advances,
  title={Advances in biomedical engineering},
  author={Verdonck, Pascal},
  year={2008},
  publisher={Elsevier Science Limited},
  address = {Oxford}
}

@inproceedings{wittig2001recent,
  title={Recent development in the robotic stitching technology for textile structural composites},
  author={Wittig, J.},
  booktitle={Proceedings of International Sampe Technical Conference},
  volume={33},
  pages={540--550},
  address = {Seattle},
  publisher = {SAMPE},
  year={2001}
}

@MISC{yamamoto2007endoscopic,
  author = {Yamamoto, T. and Chung, S. C.},
  title = {Endoscopic suturing device},
  month = {13~} # feb ,
  note = {US Patent 7,175,636 B2},
  address = {Washington},
  publisher = {Google Patents},
  year = {2007}  
}




@article{zhao2009stitched,
  title={Stitched glass/PP composite. Part I: Tensile and impact properties},
  author={Zhao, N. and R{\"o}del, H. and Herzberg, C. and Gao, S.L. and Krzywinski, S.},
  journal={Composites Part A: Applied Science and Manufacturing},
  volume={40},
  number={5},
  pages={635--643},
  year={2009},
  publisher={Elsevier}
}


@InProceedings{Mareze-2017,
  author    = {Mareze, P. H. and Copetti, G. and Brandão, E. and Fonseca, D'A. W. and Dresch, F. and Specht, L. P.},
  title     = {Modelagem da absorção acústica de camadas porosas asfálticas},
  booktitle = {{XXVIII Encontro da Sociedade Brasileira de Acústica, Sobrac~2017}},
  year      = {2017},
  address   = {Brasília, DF},
}

@PhdThesis{Fonseca-2013,
  author  = {Fonseca, D’A. W.},
  title   = {Beamforming considerando difração acústica em superfícies cilíndricas},
  school  = {Universidade Federal de Santa Catarina},
  year    = {2013},
  address = {Florianópolis, SC},
}

@Book{Brandao-2017,
  title     = {{Acústica de Salas: Projeto e Modelagem}},
  publisher = {Blucher},
  year      = {2016},
  author    = {Brandão, E.},
  address   = {São Paulo},
  edition   = {1},
}

@Article{Gomes-2015,
  author  = {Gomes, M. H. A. and Bonifacio, Paulo R. O. and Carvalho, M. O. M. and Azikri de Deus, H. P. A},
  title   = {Vibro Acoustic Method for Non Destructive Test of Composite Sandwich Structures},
  journal = {Applied Mechanics and Materials},
  year    = {2015},
  volume  = {751},
  pages   = {153-158},
}

@Book{Oppenheim-2010,
  title     = {Sinais e Sistemas},
  publisher = {Pearson},
  year      = {2010},
  author    = {Oppenheim, A. and Willsky, A. S.},
  address   = {São Paulo},
  edition   = {2},
}

@Article{Muller-2001,
  author  = {Müller, S. and Massarani, P.},
  title   = {Transfer-function measurement with sweeps},
  journal = {Journal of the Audio Engineering Society},
  year    = {2001},
  volume  = {49},
  number  = {6},
  pages   = {443-471},
}

@Article{Borges-2018,
  author  = {Borges, J. and Pacheco, F. and Tutikian, B. and de Oliveira M.},
  title   = {An experimental study on the use of waste aggregate for acoustic attenuation: {EVA} and rice husk composites for impact noise reduction},
  journal = {Construction and Building Materials},
  year    = {2018},
  volume  = {161},
  pages   = {501-508},
}

@Comment{jabref-meta: databaseType:bibtex;}
